@article{Markowitz1952,
   title =     {Portfolio Selection},
   author =    {Harry Markowitz},
   journal =   {Journal of Finance},
   year =      {1952},
   pages =     {77-91},
   volume =    {7}
}

@article{Samuelson1969,
   title =     {Lifetime Portfolio Selection by Dynamic Stochastic Programming},
   author =    {Paul A. Samuelson},
   journal =   {Review of Economics and Statistics},
   year =      {1969},
   pages =     {239-246},
   volume =    {51}
}


@article{Merton1969,
   title =     {Lifetime Portfolio Selection Under Uncertainty: The Continuous Time Case},
   author =    {Robert C. Merton},
   journal =   {Review of Economics and Statistics},
   year =      {1969},
   pages =     {247-257},
   volume =    {51}
}

@article{Merton1971,
   title =     {Optimum Consumption and Portfolio Rules in a Continuous-Time Model},
   author =    {Robert C. Merton},
   journal =   {Journal of Economic Theory},
   year =      {1971},
   pages =     {373-413},
   volume =    {3}
}

@article{Merton1973,
   title =     {An Intertemporal Capital Asset Pricing Model},
   author =    {Robert C. Merton},
   journal =   {Econometrica},
   year =      {1973},
   pages =     {867-887},
   volume =    {41}
}

@article{JurVic2011,
   title =     {Optimal Value and Growth Tilts in Long-Horizon
Portfolios},
   author =    {Jakub W. Jurek and Luis M. Viceira},
   journal =   {Review of Finance, European Finance Association},
   year =      {2011},
   pages =     {29-74},
   volume =    {15(1)}
}

@article{KimOm1996,
   title =     {Dynamic Nonmyopic Portfolio Behavior},
   author =    {Tong Suk Kim and Edward Omberg},
   journal =   {Review of Financial Studies},
   year =      {1996},
   pages =     {141-161},
   volume =    {9}
}

@article{BrenXia2002,
   title =     {Dynamic Asset Allocation Under Inflation},
   author =    {Michael J. Brennan and Yihong Xia},
   journal =   {Journal of Finance},
   year =      {2002},
   pages =     {?-?},
   volume =    {57}
}

@article{CampVic1999,
   title =     {Consumption and Portfolio Decision When Expected Return Are Time Varying},
   author =    {John Y. Campbell and Luis M. Viceira},
   journal =   {The Quaterly Journal of economics},
   year =      {1999},
   pages =     {433-495},
   volume =    {144}
}

@article{CampVicCha2003,
   title =     {A multivariate model of strategic asset allocation‚Äù},
   author =    {John Y. Campbell and Luis M. Viceira and Yeung Lewis Chan},
   journal =   {Journal of Financial Economics},
   year =      {2003},
   pages =     {41-80},
   volume =    {67}
}

@book{CampVic2003,
    author        = "John Y. Campbell and Luis M. Viceira",
    title         = "Strategic Asset Allocation",
    publisher     = "Oxford University Press",
    edition        = "1",
    year          = "2003"
}

@article{Wachter2002,
   title =     {Portfolio and Consumption Decisions Under Mean-Reverting Returns: An Exact Solution for Complete Markets},
   author =    {Jessica Wachter},
   journal =   {Journal of Financial and Quantitative Analysis},
   year =      {2002},
   pages =     {?-?},
   volume =    {37}
}

@article{BalLyn1999,
   title =     {Transaction Costs and Predictability: Some Utility Cost Calculations},
   author =    {Perluigi Balduzzi and Anthony W. Lynch},
   journal =   {Journal of Financial Economics},
   year =      {1999},
   pages =     {47-78},
   volume =    {52}
}

@article{Lyn2001,
   title =     {Portfolio choice and equity characteristics: characterizing the
hedging demands induced by return predictability},
   author =    {Anthony W. Lynch},
   journal =   {Journal of Financial Economics},
   year =      {2001},
   pages =     {67-130},
   volume =    {62}
}

@article{Bar2000,
   title =     {Investing for the Long Run When Returns Are Predictable},
   author =    {Nicholas C. Barberis},
   journal =   {Journal of Finance},
   year =      {2000},
   pages =     {225-264},
   volume =    {55}
}


@article{BrenSchLag1997,
   title =     {Strategic Asset Allocation},
   author =    {Michael J. Brennan and Eduardo S. Schwartz and Ronald Lagnado},
   journal =   {Journal of Economic Dynamics and Control},
   year =      {1997},
   pages =     {1377-1403},
   volume =    {21}
}

@book{BrenSchLag1999,
   title =     {The Use of Treasury Bill Futures in Strategic Asset Allocation Programs},
   author =    {Michael J. Brennan and Eduardo S. Schwartz and Ronald Lagnado},
   journal =   {{i William T. Ziemba og
John M. Mulvey: World Wide Asset and Liability Modeling}},
   year =      {1999},
   publisher = {Cambridge University Press},
   pages =     {205-228}
}

@ARTICLE{Userguide2004,
    author  = "John Y. Campbell and Luis M. Viceira",
    title   = "Long-Horizon Mean-Variance Analysis: A User Guide",
    journal = "The National Bureau of Economic Research",
    year    = "2004"
}

@article{Camp1987,
    author        = "John Y. Campbell",
    title         = {Stock Returns and the Term Structure},
    journal       = "Journal of Financial Economics",
    volume        = "18",
    year          = {1987}
}